<record><leader>00000cas a22000007a 4500</leader><controlfield tag="001">20788407</controlfield><controlfield tag="008">891215d18421851mouwr ne      0    0eng d</controlfield><datafield ind1=" " ind2=" " tag="010"><subfield code="a">sn 89067495 </subfield></datafield><datafield ind1=" " ind2=" " tag="040"><subfield code="a">MQN</subfield><subfield code="b">eng</subfield><subfield code="c">MQN</subfield><subfield code="d">OCLCQ</subfield></datafield><datafield ind1=" " ind2=" " tag="042"><subfield code="a">msc</subfield></datafield><datafield ind1="0" ind2=" " tag="130"><subfield code="a">Hannibal journal (Hannibal, Mo. : 1842)</subfield></datafield><datafield ind1="1" ind2="0" tag="245"><subfield code="a">Hannibal journal.</subfield></datafield><datafield ind1=" " ind2=" " tag="260"><subfield code="a">Hannibal, Mo. :</subfield><subfield code="b">J.S. Buchanan</subfield></datafield><datafield ind1=" " ind2=" " tag="300"><subfield code="a">v.</subfield></datafield><datafield ind1=" " ind2=" " tag="310"><subfield code="a">Weekly</subfield></datafield><datafield ind1="1" ind2=" " tag="362"><subfield code="a">Began in 1842? Ceased in 1851?</subfield></datafield><datafield ind1=" " ind2=" " tag="588"><subfield code="a">Description based on: Vol. 6, no. 1 (Dec. 31, 1846).</subfield></datafield><datafield ind1=" " ind2=" " tag="752"><subfield code="a">United States</subfield><subfield code="b">Missouri</subfield><subfield code="c">Marion</subfield><subfield code="d">Hannibal.</subfield></datafield><datafield ind1="0" ind2="0" tag="780"><subfield code="t">Hannibal journal and native American</subfield></datafield><datafield ind1="0" ind2="7" tag="785"><subfield code="t">Western union (Hannibal, Mo.)</subfield><subfield code="w">(DLC)sn 87091068</subfield></datafield><datafield ind1="0" ind2="7" tag="785"><subfield code="t">Hannibal journal and western union</subfield><subfield code="w">(DLC)sn 87091070</subfield></datafield></record>